@PREAMBLE{
 "\providecommand{\noopsort}[1]{}" 
 # "\providecommand{\singleletter}[1]{#1}%" 
}

%%%%%%%%%%  THEORY PAPERS
@article{SAG_ACSPhotonics_2016,
author = {J. R. M. Saavedra and Ana Asenjo-Garcia and { Garc\'ia de Abajo}, F. J.},
title = {Hot-Electron Dynamics and Thermalization in Small Metallic Nanoparticles},
journal = {ACS Photonics},
volume = {3},
pages = {1637-1646},
year = {2016},

}



@article{SP_JCP_96,
author = {J. M. Sanz-Serna and A. Portillo},
title = {Classical numerical integrators for wave-packet dynamics},
journal = {J. Chem. Phys.},
volume = {104},
pages = {2349-2355},
year = {1996}
}

@article{GZG_JPCC_2013,
author = {A. O. Govorov and J. Zhang and Y. K. Gun'ko},
title = {Theory of photoinjection of Hot Plasmonic Carriers from Metal Nanostructures into Semiconductors and 
Surface Molecules},
journal = {J. Phys. Chem. C},
volume = {117},
pages = {16616-16631},
year = {2013}
}

@article{ZG_JPCC_2014,
title = {Optical Generation of Hot Plasmonic Carriers in Metal Nanocrystals: The Effects
of SHape and Field Enhancement},
journal = {J. Phys. Chem. C},
author = {H. Zhang and A. O. Govorov},
volume = {118},
pages = {7606-7614},
year = {2014}
}

@article{MLK_ACSNano_2014,
title = {Plasmon-Induced Hot Carriers in Metallic Nanoparticles},
journal = {ACS Nano},
author = {A. Manjavacs and J. G. Liu and V. Kulkarni and P. Nordlander},
volume = {8},
pages = {7630-7638},
year = {2014}
}

@article{KS_JCP_1983,
author = {Kraus, W. A. and Schatz, G. C.},
title = { Plasmon resonance broadening in small metal particles},
journal = {J. Chem. Phys.},
year = {1983},
volume = {79},
pages = {6130 - 6139}
}

#Ref 2 in CTP paper
@article{SKD_Nature_2012,
title = {Quantum plasmon resonances of individual metallic nanoparticles},
author = {Scholl, Jonathan A. and Koh, Ai Leen and Dionne, Jennifer A.},
journal = {Nature},
year = {2012},
volume = {483},
pages = {421-427}
}


@article{SNJ_NatComm_2014,
author = {R. Sundararaman and P. Narang and A. S. Jermyn and	{Goddar III}, W. A. and H. A. Atwater}, 
title = {Theoretical predictions for hot-carrier generation from surface plasmon decay},
journal = {Nat. Commun.},
volume = {5},
pages = {5788},
year = {2014}
}

@article{BSN_ACSNano_2016,
author = {Brown, A. M. and Sundararaman, R. and Narang, P. and {Goddard III}, W. A. and Atwater, H. A.},
title = {Nonradiative Plasmon Decay and Hot Carrier Dynamics: Effects of Phonons, Surfaces, and Geometry},
journal = {ACS Nano},
volume = {10},
pages = {957-966},
year = {2016}
}

@article{BMN_NatComm_2015,
author = { M. Bernardi and J. Mustafa and J. B. Neaton and S. G. Louie},
title = {Theory and computation of hot carriers generated by surface plasmon polaritons in noble metals},
journal = {Nat. Commun.},
volume = {6},
pages = {7044},
year = {2015}
}

@article{MWW_NatComm_2015,
author = {J. Ma and Z. Wang and L.-W. Wang},
title = {Interplay between plasmon and single-particle excitations in a metal nanocluster},
journal = {Nat. Commun.},
volume = {6},
pages = {10107},
year = {2015}
}


@article{S_JCGT_2013,
author = {P.-P. Sloan},
journal = {J. Comp. Graph. Tech.},
volume = {2},
pages = {84-90},
title = {Efficient Spherical Harmonic Evaluation},
year = {2013}
}

@book{Numerical,
author = {W. H. Press and S. A. Teukolsky and W. T. Vetterling and B. P. Flannery},
title = {Numerical Recipes in C: The Art of Scientific Computing},
publisher = {Cambridge University Press},
year = {1992},
edition = {2}
}

@book{Szabo,
author = {A. Szabo and N. S. Ostlund},
title = {Modern Quantum Chemistry: Introduction to Advanced Electronic Structure Theory},
publisher = {McGraw-Hill},
year = {1989},
edition = {1}
}

@article{KPB_SciRep_2015,
author = {C. S. Kumarasinghe and M. Premaratne and Q. Bao and G. P. Agrawal},
title = {Theoretical analysis of hot electron dynamics in nanorods},
volume = {5},
pages = {12140},
journal = {Sci. Rep},
year = {2015}
}

%%%%%%%%%%  WHISPERING GALLERY MODES



%%%%%%%%%%% EXPERIMENT/PHENOMENA

@article{LFP_AC_2015,
author = {Li, Z. and {Foley IV}, J. J. and Peng, S. and Sun, C.-J. and Ren, Y. and Wiederrecht, G. P. and Gray, S. K. and Sun, Y.},
journal = {Angew. Chem.},
volume = {127},
pages = {9076-9079},
year = {2015},
title = {Reversible Modulation of Surface Plasmons in Gold Nanoparticles Enabled by Surface Redox Chemistry}
}

@article{SCR_JPCC_2016,
author = {Ana Sousa-Castillo and Miguel Comesaña-Hermo and Benito Rodríguez-González and Moisés Pérez-Lorenzo and Zhiming Wang and Xiang-Tian Kong and Alexander O. Govorov and Miguel A. Correa-Duarte},
title = {Boosting Hot Electron-Driven Photocatalysis through Anisotropic Plasmonic Nanoparticles with Hot Spots in Au–TiO2 Nanoarchitectures},
journal = {The Journal of Physical Chemistry C},
volume = {120},
number = {21},
pages = {11690-11699},
year = {2016},
doi = {10.1021/acs.jpcc.6b02370}
}


~                                


@article{SZZ_PNAS_2016,
author = {Swearer, Dayne F. and Zhao, Hangqi and Zhou, Linan and Zhang, Chao and Robatjazi, Hossein and Martirez, John Mark P. and Krauter, Caroline M. and Yazdi, Sadegh and McClain, Michael J. and Ringe, Emilie and Carter, Emily A. and Nordlander, Peter and Halas, Naomi J.}, 
title = {Heterometallic antenna−reactor complexes for photocatalysis},
volume = {113}, 
number = {32}, 
pages = {8916-8920}, 
year = {2016}, 
doi = {10.1073/pnas.1609769113}, 
abstract ={Metallic nanoparticles with strong optically resonant properties behave as nanoscale optical antennas, and have recently shown extraordinary promise as light-driven catalysts. Traditionally, however, heterogeneous catalysis has relied upon weakly light-absorbing metals such as Pd, Pt, Ru, or Rh to lower the activation energy for chemical reactions. Here we show that coupling a plasmonic nanoantenna directly to catalytic nanoparticles enables the light-induced generation of hot carriers within the catalyst nanoparticles, transforming the entire complex into an efficient light-controlled reactive catalyst. In Pd-decorated Al nanocrystals, photocatalytic hydrogen desorption closely follows the antenna-induced local absorption cross-section of the Pd islands, and a supralinear power dependence strongly suggests that hot-carrier-induced desorption occurs at the Pd island surface. When acetylene is present along with hydrogen, the selectivity for photocatalytic ethylene production relative to ethane is strongly enhanced, approaching 40:1. These observations indicate that antenna−reactor complexes may greatly expand possibilities for developing designer photocatalytic substrates.}, 
URL = {http://www.pnas.org/content/113/32/8916.abstract}, 
eprint = {http://www.pnas.org/content/113/32/8916.full.pdf}, 
journal = {Proceedings of the National Academy of Sciences} 
}

@article{ZAP_PNAS_2008,
author = {Zhang, Yongxia and Aslan, Kadir and Previte, Michael J. R. and Geddes, Chris D.}, 
title = {Plasmonic engineering of singlet oxygen generation},
volume = {105}, 
number = {6}, 
pages = {1798-1802}, 
year = {2008}, 
doi = {10.1073/pnas.0709501105}, 
abstract ={In this article, we report metal-enhanced singlet oxygen generation (ME1O2). We demonstrate a direct relationship between the singlet oxygen yield of a common photosensitizer (Rose Bengal) and the theoretical electric field enhancement or enhanced absorption of the photosensitizer in proximity to metallic nanoparticles. Using a series of photosensitizers, sandwiched between silver island films (SiFs), we report that the extent of singlet oxygen enhancement is inversely proportional to the free space singlet oxygen quantum yield. By modifying plasmon coupling parameters, such as nanoparticle size and shape, fluorophore/particle distance, and the excitation wavelength of the coupling photosensitizer, we can readily tune singlet oxygen yields for applications in singlet oxygen-based clinical therapy.}, 
URL = {http://www.pnas.org/content/105/6/1798.abstract}, 
eprint = {http://www.pnas.org/content/105/6/1798.full.pdf}, 
journal = {Proceedings of the National Academy of Sciences} 
}

@article{MLL_NanoLett_2013,
author = {Shaunak Mukherjee and Florian Libisch and Nicolas Large and Oara Neumann and Lisa V. Brown and Jin Cheng and J. Britt Lassiter and Emily A. Carter and Peter Nordlander and Naomi J. Halas},
title = {Hot Electrons Do the Impossible: Plasmon-Induced Dissociation of H2 on Au},
journal = {Nano Letters},
volume = {13},
number = {1},
pages = {240-247},
year = {2013}
}

@article{ZHX_NatPhoton_2016,
author = {Zhang, N. and Han, C. and Xu, Y.-J. and {Foley IV}, J. J. and Zhang, D. and Codrington, J. and
Gray, S. K. and Sun, Y.},
title = {Near-field dielectric scattering promotes optical absorption by platinum nanoparticles},
journal = {Nat. Photon.},
volume = {10},
pages = {473-482},
year = {2016}
} 


@article{ZJM_ACSNano_2016,
author = {Jianming Zhang and Xin Jin and Pablo I. Morales-Guzman and Xin Yu and Hong Liu and Hua Zhang and Luca Razzari and Jerome P. Claverie},
title = {Engineering the Absorption and Field Enhancement Properties of Au–TiO2 Nanohybrids via Whispering Gallery Mode Resonances for Photocatalytic Water Splitting},
journal = {ACS Nano},
volume = {10},
number = {4},
pages = {4496-4503},
year = {2016}
}

## Ref 28 in CTP paper
@article{CXL_NatureChem_2011,
author = {Christopher, P. and Xin, H. and Linic, S.},
title = { Visible-light-enhanced catalytic oxidation reactions on plasmonic silver nanostructures},
journal = {Nature Chem.},
year = {2011},
volume = {3},
pages = {467−472}
}
## Ref 29 in CTP paper
@article{LCI_NatureMater_2011,
author = {Linic, S. and Christopher, P. and Ingram, D. B.},
title = { Plasmonic-metal nanostructures for efficient conversion of solar to chemical energy},
journal =  {Nat. Mater.},
year = {2011},
volume = {10},
pages = {911−921}
}


@article{WCM_Science_2015,
author = {K. Wu and J. Chen and J. R. McBride and T. Lian},
title = {Efficient hot-electron transfer by a plasmon-induced interfacial charge-transfer transition},
journal = {Science},
volume = {349},
pages = {632},
year = {2015}
}

@article{MZL_Science_2013,
author = {Marimuthu, A. and  Zhang, J. and Linic, S.},
title = {Tuning selectivity in propylene epoxidation by plasmon mediated photo-switching of Cu oxidation state},
journal = {Science},
volume = {339},
pages = {1590-1593},
year = {2013}
}

@article{PKL_AccChemRes_2015,
author = {J. Y. Park and S. M. Kim and H. Lee and I. I. Nedrygailov}, 
title = {Hot-electron-mediated surface chemistry: toward electronic control of catalytic activity}, 
journal = {Acc. Chem. Res.}, 
year = {2015}, 
volume = {48}, 
pages = {2475}
}


%%% HOT ELECTRON REVIEWS


@article{KAC_ACSCatalysis_2013,
author = {M. J. Kale and T. Avanesian and P. Christopher},
title = {Direct Photocatalysis by Plasmonic Nanostructures},
journal = {ACS Catalysis},
volume = {4},
pages = {116-128},
year = {2013}
}


@article{ZLQ_RSCAdvances_2015,
title = {Plasmon-enhanced light harvesting: applications in
enhanced photocatalysis, photodynamic therapy
and photovoltaics},
author = {N. Zhou and V. L\'{o}pez-Puente and Q. Wang and L. Polavarapu and I. Pastoriza-Santos and Q.-H. Xu},
journal = {RSC Adv.},
volume = {5},
pages = {29076},
year = {2015}
}

@article{Hyperthermia,
author = {J. -H. Park and G. von Maltzahn and L. L. Ong and A. Centrone and T. A. Hatton and E. Ruoslahti and S. N. Bhatia and M. J. Sailor},
title = {Cooperative Nanoparticles for Tumor Detection and Photothermally Triggered Drug Delivery},
journal = {Adv. Mater.},
volume = {22},
year = {2010},
pages = {880-885}
}

@article{anticoagulants,
author = {H. de Puig and A. Cifuentes Rius and D. Flemister and S. H. Baxamusa and K. Hamad-Schifferli},
title = {Slective Light-Triggered Release of DNA from Gold Nanorods Switches Blood Clotting On and Off},
journal = {PLOS ONE},
volume = {8},
year = {2013},
pages = {e68511}
}

@article{Spasers,
author = {M. A. Noginov and G. Zhu and A. M. Belgrave and R. Bakker and V.M. Shalaev and E. E. Narimanov and S. Stout and E. Herz and T. Suteewong and U. Wiesner},
title =  {Demonstration of a spaser-based nanolaser},
journal = {Nature},
volume = {460},
year = {2009},
pages = {1110-1112}
}

@article{N1,
author = {M. Triesscheijn and P. Baas and J. H. Schellens and F. A. Stewart}, 
title = {Photodynamic therapy in oncology}, 
journal = {Oncologist},
volume = {11},
year =  {2006},
pages = {1034-1044}
}

@article{N2,  
author = {T. J. Dougherty and J. E. Kaufman and A. Goldfarb and K. R. Weishaupt and D. Boyle and A. Mittleman}, 
title = {Photoradiation therapy for the treatment of malignant tumors}, 
journal = {Cancer Res.},
volume = {38},
year =  {1978},
pages = {2628-2635}
}

@article{N3,
author = {H. Kato},
title = {Photodynamic therapy for lung cancer — a review of 19 years' experience}, 
journal = {J. Photochem. Photobiol.}, 
volume = {B42},
year = { 1998},
pages = {96-99}
}

@article{N4,
author = {C. Hur and N. S. Nishioka and G. S. Gazelle},
title =  {Cost-effectiveness of photodynamic therapy for treatment of Barrett's esophagus with high grade dysplasia}, 
journal = {Dig. Dis. Sci.},
volume = {48},
year = {2003},
pages = {1273-1283}
}
 
@article{N5,
author = {R. J. Skyrme and A. J. French and S. N. Datta and R. Allman and M.D. Mason and P.N. Matthews}, 
title = {A phase-1 study of sequential mitomycin C and 5-aminolaevulinic acid-mediated photodynamic therapy in recurrent superficial bladder carcinoma}, 
journal = {BJU Int.},
volume = {95},
year = {2005},
pages = {1206-1210}
}

@article{N6,
author = {D. E. Schuller and J. S. {McCaughan Jr.} and R. P. Rock}, 
title = {Photodynamic therapy in head and neck cancer}, 
journal = {Arch. Otolaryngol.},
volume = {111},
year = {1985},
pages = {351-355}
}
 
@article{N7,
author = {L. E. Rhodes and M. {de Rie} and Y. Enstrom and R. Groves and T. Morken and V. Goulden
and G. A. Wong and J. J. Grob and S. Varma and P. Wolf}, 
title = {Photodynamic therapy using topical methyl aminolevulinate vs surgery for nodular basal cell carcinoma: results of a multicenter randomized prospective trial}, 
journal = {Arch. Dermatol.},
volume = {140},
year = {2004},
pages = {17-23}
}
 
@article{N8,
author = {C. Hopper and C. Niziol and M. Sidhu},
title = {The cost-effectiveness of Foscan mediated photodynamic therapy (Foscan-PDT) compared with extensive palliative surgery and palliative chemotherapy for patients with advanced head and neck cancer in the UK}, 
journal = {Oral Oncol.},
volume = {40},
year = {2004},
pages = {372-382}
}
 
@article{N10,
author = {C.S. Foote}, 
title = {Definition of type I and type II photosensitized oxidation}, 
journal = {Photochem. Photobiol.},
volume = {54},
year = {1991},
pages = {659}
}
 
@article{N11,
author = {M. Niedre and M. S. Patterson and B. C. Wilson}, 
title = {Direct near-infrared luminescence detection of singlet oxygen generated by photodynamic therapy in cells in vitro and tissues in vivo}, 
journal = {Photochem. Photobiol.},
volume = {75},
year = {2002},
pages = {382-391}
}
  
@article{N12,
author = {W. Chen and J. Zhang}, 
title = {Using nanoparticles to radiation and photodynamic therapies for cancer treatment}, 
journal = {J. Nanosci. Nanotechnology},
volume = {6},
year = {2006},
pages = {1159-1166}
}
 

@article{N13,
author = {Y. N. Konan-Kouakou and R. Boch and R. Gurny and E. Allemann}, 
title = {In vitro and in vivo activities of verteporfin-loaded nanoparticles}, 
journal = {J. Control. Release},
volume = {103},
year = {2005},
pages = {83-91}
}

@article{N14,  
author = {G. Birrenbach and P. P. Speiser}, 
title = {Polymerized micelles and their use as adjuvants in immunology}, 
journal = {J. Pharm. Sci.},
volume = {65},
year = {1976},
pages = {1763-1766}
}
 
@incollection{N15, 
author = {P. Courvreur and L. Grislain and V. Lenaerts and F. Brasseur and P. Guiot and A. Biornacki},
title = {Biodegradable polymeric nanoparticles as drug carrier for antitumor agents},
editor = {P Guiot and P. Corvreur}, 
booktitle = {Polymeric Nanoparticles and Microspheres}, 
address = {Boca Raton}, 
publisher = {CRC Press},
year = {1986}, 
pages = {27-93}
}

@article{N16,
author = {A. T. Florence and N. Hussain}, 
title = {Transcytosis of nanoparticle and dendrimer delivery systems: evolving vistas}, 
journal = {Adv. Drug Deliv. Rev.},
volume = {50},
year = {2001},
pages = {S69-S89}
}

@article{N17,
author = {Y. N. Konan and R. Gurny and E. Allemann}, 
title = {State of the art in the delivery of photosensitizers for photodynamic therapy}, 
journal = {J. Photochem. Photobiol. B},
volume = {66},
year = {2002},
pages = {89-106}
}


@article{N18, 
author = {A. C. Samia and X. Chen and C. Burda}, 
title = {Semiconductor quantum dots for photodynamic therapy}, 
journal = {J. Am. Chem. Soc.},
volume = {125},
year = {2003},
pages = {15736-15737}
}
 
@article{N19,
author = {J. M. Hsieh and M. L. Ho and P.-W. Wu and P.-T. Chou and T.-T. Tsai and Y. Chi},
title = {Iridium-complex modified CdSe/ZnS quantum dots; a conceptual design for bi-functional toward imaging and photosensitization}, 
journal = {Chem Commun},
volume = {6},
year = {2006},
pages = {615-617}
}

@article{N20,
author = {L. Shi and B. Hernandez and M. Selke}, 
title = {Singlet oxygen generation from water-soluble quantum dot-organic dye nanocomposites}, 
journal = {J. Am. Chem. Soc.},
volume = {128},
year = {2006},
pages = {6278-6279}
}


@article{N21,  
author = {F. Auzel}, 
title = {Upconversion and anti-Stokes processes with f and d ions in solids}, 
journal = {Chem. Rev.},
volume = {104},
year = {2004},
pages = {139-173}
}

@article{N22,
author = {J. C. Boyer and F. Vetrone and L. A. Cuccia and J. A. Capobianco}, 
title = {Synthesis of colloidal upconverting NaYF4 nanocrystals doped with Er3+, Yb3+ and Tm3+, Yb3+ via thermal decomposition of lanthanide trifluoroacetate precursors}, 
journal = {J. Am. Chem. Soc.},
volume = {128},
year = {2006},
pages = {7444-7445}
}


@article{N9,
title = {Nanoparticles in photodynamic therapy: An emerging paradigm},
journal = {Adv.  Drug Deliv. Rev.},
author = {D. K. Chatterjee and L. S. Fong and Y. Zhang},
volume = {60},
pages = {1627-1637},
year = {2008}
}

@article{PDT2,
title = {Targeting cancer cells by ROS-mediated mechanisms: a radical therapeutic approach?},
journal = {Nat. Rev. Drug. Discov.},
volume = {8},
pages = {579-591},
year = {2009},
author = {D. Trachootham and J. Alexandre and P. Huang}
}


@article{PDT3,
title = {Photodynamic therapy for cancer},
author = {D. E. J. G. J. Dolmans and D. Fukumura and R. K. Jain},
journal = {Nat. Rev. Cancer},
volume = {3},
pages = {380-387},
year = {2003}
}

@article{ROS,
author = {B. C. Dickinson and C. J. Chang},
title = {Chemistry and biology of reactive oxygen species in signaling or stress responses},
journal = {Nat. Chem. Biol.},
volume = {7},
pages = {504-511},
year = {2011}
}

### Microlaser
@article{Mulaser,
title = {Intracellular microlasers},
journal = {Nature Photon.},
author = {M. Humar and S. H. Yun},
volume = {9},
pages = {572-576},
year = {2015}
}

### Superresolution microscopy
@article{SuperMic,
title = {A guide to super-resolution fluorescence microscopy},
author = {L. Schermelleh and R. Heintzmann and H. Leonhardt},
journal = {J. Cell. Biol.},
volume = {190},
pages = {165-175},
year = {2010}
}


### Photothermal therapy
@article{LCH_AccChemRes_2008,
title = {Nanoshell-enabled photothermal cancer therapy: impending clinical impact},
journal = {Acc. Chem. Res.},
volume = {41},
year = {2008},
pages = {1842-1851},
author = {S. Lal and S. E. Clare and N. J. Halas}
}

@article{AWH_JOSAB_1999,
title = {Linear optical properties of gold nanoshells},
journal = {J. Opt. Soc. Am. B},
author = {R. D. Averrit and S. L. Westcott and N. J. Halas},
volume = {16},
pages = {1824-1832},
year = {1999}
}

@article{HE_AJM_2011,
author = {Huang, X. and {El-Sayed}, M. A.},
journal = {Alexandria Journal of Medicine},
title = {Plasmonic photo-thermal therapy (PPTT)},
volume = {47},
pages = {1-9},
year = {2011}
}
#### SPR Spectroscopy
@article{SPRSpectroscopy,
title = {Surface plasmon resonance spectroscopy for charecterisation of membrane protein-ligand interactions
and its potential for drug discovery},
journal = {Biochim. Biophys. Acta},
volume = {1838},
year = {2014},
pages = {43-55},
author = {S. G. Patching}
}

##### ISPP References
@article{ISPP,
author = {{Foley IV}, J. J. and McMahon, J. M. and Schatz, G. C. and Harutyunyan, H. and Wiederrecht, G. P. and Gray, S. K},
journal = {ACS Photonics},
volume= {1},
pages = {739-745},
year = {2014}
}

## Ref 23 in ISPP Paper
@article{ISPP_23,
author = {Kitazawa, T. and Miyanishi, S. and Murakami, Y. and Kojima, K. and
Takahashi, A.},
title = {Refraction of surface plasmon polaritons at Au-Al boundaries observed 
by near-field optical microscopy},
journal = {Phys. Rev. B},
year = {2008},
volume = {77},
pages = {193404}
}

## Ref 24 in ISPP paper
@article{ISPP_24,
author = {Griesing, S. and Englisch, A. and Hartmann, U.},
title = {Refractive and reflective
behavior of polymer prisms used for surface plasmon guidance},
journal = {Opt. Lett.},
year = {2008},
volume = {33},
pages = {575−577}
}

## Ref 25 in ISPP paper
@article{ISPP_25,
author = {Lezec, H. J. and Dionne, J. A. and Atwater, H. A.},
title = {Negative refraction at visible frequencies},
journal = {Science},
year = {2007},
volume = {316},
pages = {430−432}
}

# Halas heterodimer
@article{BSL_ACSNano_2010,
title = {Heterodimers: Plasmonic Properties of Mismatched Nanoparticle Pairs},
journal = {ACS Nano},
volume = {4},
year = {2010},
pages = {819-832},
author = {L. V. Brown and H. Sobhani and J. B. Lassiter and P. Nordlander and N. J. Halas}
}
####  CTP Reference
@article{CTP,
author = {Sun, Y. and {Foley IV}, J. J. and Peng, S. and Li, Z. and Gray. S. K.},
title = {Interfaced metal heterodimers in the quantum size regime},
journal = {Nano Lett.},
volume = {13},
pages = {3958-3964},
year = {2013}
}



# Ref 3 in CTP paper
@article{CTP_3,
author = {Peng, S. and McMahon, J. M. and Schatz, G. C. and Gray, S. K. and Sun, Y.},
title = {Reversing the size-dependence of surface plasmon resonances},
journal = {Proc. Natl. Acad. Sci. U.S.A.},
year = {2010},
volume = {107},
pages = {14530−14534}
}
## Ref 4 in CTP paper
@article{CTP_4,
author = {Savage, K. J. and Hawkeye, M. M. and Esteban, R. and Borisov, A. G. and Aizpurua, J. and Baumberg, J. J.},
title = {Revealing the quantum regime in tunnelling plasmonics},
journal = {Nature},
year = {2012},
volume = {491},
pages = {574−577}
}
## Ref 5 in CTP paper
@article{CTP_5,
author = {Esteban, R. and Borisov, A. G. and Nordlander, P. and Aizpurua, J.},
title = {Bridging quantum and classical plasmonics with a quantum-corrected model},
journal = {Nat. Commun.},
year = {2012},
volume = {3},
pages = {825}
}

## Ref 6 in CTP paper
@article{CTP_6,
author = {Scholl, J. A. and {Garc\'{i}a-Etxarri}, A. and Koh, A. L. and Dionne, J. A.},
title = { Observation of Quantum Tunneling between Two Plasmonic Nanoparticles},
journal = {Nano Lett.},
year = {2013},
volume = {13},
pages = {564−569}
}

## Ref 7 in CTP paper
@article{CTP_7,
author = {P\'{e}rez-Gonz\'{a}lez, O. and Zabala, N. and Aizpurua, J.},
title = {Optical characterization of charge transfer and bonding dimer plasmons in linked interparticle gaps},
journal = {New J. Phys.},
year = {2011},
volume = {13},
pages = {083013}
}
## Ref 8 in CTP paper
@article{CTP_8,
author = {Zuloaga, J. and Prodan, E. and Nordlander, P.},
title = {Quantum Description of the Plasmon Resonances of a Nanoparticle Dimer},
journal = {Nano Lett.},
year = {2009},
volume = {9},
pages = {887−891}
}
## Ref 9 in CTP paper
@article{CTP_9,
author = {Atay, T. and Song, J.-H. and Nurmikko, A. V.},
title = { Strongly Interacting Plasmon Nanoparticle Pairs: From Dipole-Dipole Interaction to Conductively Coupled Regime},
journal = {Nano Lett.},
year = {2004},
volume = {4},
pages = {1627−1631}
}


## Ref 10 in CTP paper
@article{CTP_10,
author = {Song, P. and Nordlander, P. and Gao, S.},
title = {Quantum mechanical study of the coupling of plasmon excitations to atomic-scale electron transport},
journal = {J. Chem. Phys.},
year = {2011},
volume = {134},
pages = {074701}
}

## Ref 13 in CTP paper
@article{CTP_13,
author = {Lassiter, J. B. and Aizpurua, J. and Hernandez, L. I. and Brandl, D. W. and
Romero, I. and Lal, S. and Hafner, J. H. and Nordlander, P. and Halas, N. J.},
title = { Close Encounters between Two Nanoshells},
journal = {Nano Lett.},
year = {2008},
volume = {8},
pages = {1212−1218}
}

## Ref 14 in CTP paper
@article{CTP_14,
author = {Zhao, K. and Troparevsky, M. C. and Xiao, D. and Eguiluz, A. G. and Zhang,
Z.},
journal = {Phys. Rev. Lett.},
title = {Electronic Coupling and Optimal Gap Size between Two Metal Nanoparticles},
year = {2009},
volume = {102},
pages = {186804}
}

## Ref 26 in CTP paper
@article{CTP_26,
author = {Liu, M. and Guyot-Sionnest, P.},
title = {Synthesis and Optical Characterization of Au/Ag Core/Shell Nanorods},
journal = {J. Phys. Chem. B},
year = {2004},
volume = {108},
pages = {5882−5888}
}

## Ref 27 in CTP paper
@article{CTP_27,
author = {Sun, Y. and Gray, S. K. and Peng, S.},
title = {Surface chemistry: a non-negligible parameter in determining optical properties of small colloidal metal nanoparticles},
journal = {Phys. Chem. Chem. Phys.},
year = {2011},
volume = {13},
pages = {11814−11826}
}


### Multilayer planar structures
@article{LZ_JApplPhys_2006,
author = {B. J. Lee and Z. M. Zhang},
title = {Design and fabrication of planar multilayer structures with
coherent thermal emission characteristics},
journal = {J. Appl. Phys},
volume = {100},
pages = {063529},
year = {2006}
}

@article{BN_JApplPhys_2005,
author = {P. Ben-Adballah and B. Ni},
title = {Single-defect Bragg stacks for high-power narrow-band thermal emission},
year = {2005},
volume = {97},
pages = {104910},
journal = {J. Appl. Phys}
}


## Tamm plasmon coupled emission
@article{CZZ_PCCP_2014,
author = {Y. Chen and D. Zhang and L. Zhu and Q. Fu and R. Wang and P. Wang and H. Ming and R. Badugu and J. R. Lakowicz},
title = {Effect of metal film thickness on Tamm plasmon-coupled emission},
journal = {Phys. Chem. Chem. Phys.},
volume = {16},
pages = {25523-25530},
year = {2014}
}






######  MIE THEORY REFERENCES
@article{SVP_NatComm_2012,
title = {Broadband omnidirectional antireflection coating based on
subwavelength surface {M}ie resonators},
author = {P. Spinelli and M. A. Verschuuren and A. Polman},
journal = {Nat. Commun.},
volume = {3},
pages = {692},
year = {2012}
}


@article{FKA_OptExp_2014,
title = {Near-unity broadband absorption designs for
semiconducting nanowire arrays via localized
radial mode excitation},
author = {Katherine T. Fountaine and Christian G. Kendall and Harry A. Atwater},
volume = {22},
pages = {A930},
journal = {Opt. Express},
year = {2014}
}

@article{CH_APL_2006,
title = {Optimized plasmonic nanoparticle distributions for solar spectrum harvesting},
journal = {Appl. Phys. Lett.},
author = {J. R. Cole and N. J. Halas},
volume = {89},
pages = {153120},
year = {2006}
}

## IR Emitting surfaces
@article{C_RPP_2014,
author = {S. Collin},
title = {Nanostructure arrays in free space: optical properties and applications},
journal = {Rep. Prog. Phys.},
volume = {77},
pages = {126402},
year = {2014}
}

@article{G_PS_1985,
author = {C. G. Granqvist},
title = {Spectrally selective coatings for energy efficiency and solar applications},
journal = {Phys. Scripta},
volume = {32},
pages = {401},
year = {1985}
}

### Laser Material Processing

@book{LaserProcessing,
author = {W. M. Steen and J. Mazumder},
title = {Laser Material Processing},
publisher = {Springer},
edition = {4},
year = {2010}
}

### Thin-film deposition
@book{GlancingAngle,
author = {M. M. Hawkeye and M. T. Tashuk and M. J. Brett},
title = {Glancing Angle Deposition of Thin Films: Engineering the Nanoscale},
publisher = {Wiley},
year = {2014}
}

### References in last paragraph before conclusion
@article{L_AIP_2007,
   author = "Luque, Antonio",
   title = "Solar Thermophotovoltaics: Combining Solar Thermal and Photovoltaics",
   journal = "AIP Conf. Proc.",
   year = "2007",
   volume = "890",
   number = "1", 
   pages = "3-16"
}

@article{RKR_RenEnRev_2013,
author = {V. S. Reddy and S. C. Kaushik and K. R. Ranjan and S. K. Tyagi},
title = {State-of-the-art of solar thermal power plants-A review},
journal = {Renew. Sust. Energ. Rev.},
volume = {27},
pages = {258-273},
year = {2013}
}

@article{MS_EnConvMan_2012,
journal = {Energ. Convers. Manage.},
title = {Optimal concentration and temperatures of solar thermal power plants},
author = {R. K. McGovern and W. J. Smith},
volume = {60},
pages = {226-232},
year = {2012}
}


### FDTD simulations to design super absorbers
@article{AFB_NatComm_2011,
title = {Broadband polarization-independent resonant light absorption using ultrathin
plasmonic super absorbers},
volume = {2},
journal = {Nature Comm.},
author = {K. Aydin and V. E. Ferry and R. M. Briggs and H. A. Atwater},
pages = {517},
year = {2011}
}


@phdthesis{fem,
title = {Topics in Theoretical and Computational Nanoscience:  From Controlling Light at the Nanoscale to Calculating Quantum Effects with Classical Electrodynamics},
author = {Jeffrey M. McMahon},
school = {Northwestern University},
year = {2011}
}


@article{NB_PSS_2010,
title = {Semiconductors for plasmonics and metamaterials},
journal = {Phys. Status Solidi-Rapid Res. Lett.},
volume = {4},
pages = {295-297},
year = {2010},
author = {G. V. Naik and A. Boltasseva}
}




@article{LJL_OptExp_2015,
author = {Mikyung Lim and Seokmin Jin and Seung S. Lee and Bong Jae Lee},
title = {Graphene-assisted {S}i-{I}n{S}b thermophotovoltaic system for low temperature
applications},
journal = {Opt. Express},
volume = {23},
pages = {A240-A253},
year = {2015}
}

@article{NHS_NL_2008,
author = {Prashant Nagpal and Sang Eon Han and Andreas Stein and David J. Norris},
title = {Efficient Low-Temperature Thermophotovoltaic Emitters from Metallic Photonic Crystals},
journal = {Nano Lett.},
volume = {8},
pages = {3238-3243},
year = {2008}
}


@article{NSN_OptMaterExp_2012,
author = {Gururaj V. Naik and Jeremy L. Schroeder and Xingjie Ni and
Alexander V. Kildishev and Timothy D. Sands and Alexandra Boltasseva},
journal = {Opt. Mater. Express},
number = {4},
pages = {478-489},
title = {Titanium nitride as a plasmonic material for visible and near-infrared wavelengths},
volume = {2},
year = {2012}
}

#DDA
@article{DF_JOptSocA_1994,
author = {B. T. Draine and P. J. Flatau},
title = {Discrete-dipole approximation for scattering calculations},
journal = {J. Opt. Soc. Am. A},
volume = {11},
pages = {1491-1499},
year = {1994}
}

@article{FD_OptExp_2012,
author = {Flatau, P. J. and Draine, B. T.},
journal = {Opt. Exp.},
year = {2012},
volume = {20},
pages = {1247−1252}
}

@article{YMH_PRE_2010,
author = {M. A. Yurkin and M. Min and A. G. Hoekstra},
title = {Applicaton of the discrete dipole approximation to very large refractive
indices: Filtered doupled dipoles revived},
journal = {Phys. Rev. E},
volume = {82},
pages = {036703},
year = {2010}
}

### Simplex
@article{Simplex,
author = {J. A. Nelder and R. Mead},
title = {A simplex method for function minimization},
journal = {Comp. J.},
volume = {7},
pages = {308-313},
year = {1965}

}

@article{Meep,
author = {Ardavan F. Oskooi and David Roundy and Mihai Ibanescu and Peter Bermel and
J. D. Joannopoulos and Steven G. Johnson}, 
title = {MEEP: A flexible free-software package for electromagnetic 
simulations by the {FDTD} method}, 
journal = {Comp. Phys. Comm.},
volume = {181},
pages = {687–702}, 
year = {2010}
}

@article{G_JPCC_2013,
journal = {J. Phys. Chem. C},
author = {Stephen K. Gray},
title = {Theory and Modeling of Plasmonic Structures},
volume = {117},
pages = {1983-1994},
year = {2013}
}

### Montgomery
@article{MG_PRB_2008,
author = {J. M. Montgomery and S. K. Gray},
journal = {Phys. Rev. B},
volume = {77},
title = {Enhancing surface plasmon polariton propagation lengths via coupling to
asymmetric waveguide structures},
pages = {125407-125415},
year = {2008}
}

@article{FUS_OptExp_2015,
author = {{Foley IV}, J. J. and Ungaro, C. and Sun, K. and Gupta, M. C. and Gray, S. K.},
title = {Design of Emitter Structures Based on Resonant Perfect Absorption for Thermophotovoltaic Applications},
volume = {23},
journal = {Opt. Express},
year = {2015},
pages = {A1373-A1387}
}

@article{GB_NatPhoton_2010,
author = {Gramotnev, D. K. and Bozhevolnyi, S. I.},
title = {Plasmonics beyond the diffraction limit},
journal = {Nature Photon.}, 
volume = {4}, 
pages = {83–91},
year =  {2010}
}

@article{BCN_ChemRev_2005,
author = {Burda, C. and Chen, X. and Narayanan, R. and El-Sayed, M. A.},
title = { Chemistry and properties
of nanocrystals of different shapes.},
journal = {Chem. Rev.},
volume = {105}, 
pages = {1025–1102},
year =  {2005}
}

@article{Mie, 
author = {Mie, G.},
title = {Contributions to the optics of turbid media, particularly of colloidal
metal solutions.},
journal =  {Ann. Phys.},
volume =  {25}, 
pages = {377–445},
year = {1908}
}

@article{SX_Science_2002,
author = {Sun, Y. and Xia, Y.},
title = {Shape-controlled synthesis of gold and silver nanoparticles},
journal = {Science},
volume = { 298}, 
pages = {2176–2179},
year = { 2002}
}

@article{AP_NatMat_2010,
author = {H. A. Atwater and A. Polman},
title = {Plasmonics for improved photovoltaic devices},
journal = {Nature Mater.},
volume = {9},
pages = {205-213},
year = {2010}
}

@article{RF_OptExp_2009,
author = {Eden Rephaeli and Shanhui Fan},
title = {Absorber and emitter for solar thermophotovoltaic systems to achieve efficiency 
exceeding the Schockley-Queisser limit},
journal = {Opt. Express},
volume = {17},
pages = {15145-15159},
year = {2009}
}

@article{IDA_Optica_2015,
author = {T. Inoue and M. {De Zoysa} and T. Asano and S. Noda},
title = {Realization of narrowband thermal emission with optical nanostructures},
journal = {Optica},
volume = {2},
pages = {27-35},
year = {2015}
}

@article{YWC_JQSRT_2015,
title = {Two-dimensional VO2 photonic crystal selective emitter },
journal = {Journal of Quantitative Spectroscopy and Radiative Transfer },
volume = {158},
pages = {119 - 126},
year = {2015},
author = {Hong Ye and Hujun Wang and Qilin Cai}
}



@article{NYL_SEMSC_2014,
title = "Solar thermophotovoltaic energy conversion systems with two-dimensional tantalum photonic crystal absorbers and emitters ",
journal = "Sol. Energy Mat. Sol. Cells ",
volume = "122",
pages = "287 - 296",
year = "2014",
author = "Youngsuk Nam and Yi Xiang Yeng and Andrej Lenert and Peter Bermel and Ivan 
Celanovic and Marin Solja\v{c}i\'{c} and Evelyn N. Wang"
}


@article{SKY_JPE_2015,
author = {Makoto Shimizu and Asaka Kohiyama and Yugami, Hiroo Yugami},
journal = {J. Photon. Energy},
title = {High-efficiency solar-thermophotovoltaic system equipped 
with a monolithic planar selective absorber/emitter},
year = {2015},
volume = {5},
pages = {053099-53107}
}

@article{RLB_AEM_2014,
author = {Rinnerbauer, V. and Lenert, A. and Bierman, D. M. and Yeng, Y. X.
and Chan, W. R. and Geil, R. D. and Senkevich, J. J. and Joannopoulos, J. D. and Wang, E. N.
and Solja\v{c}i\'{c} and M., Celanovic, I.},
title = {Metallic Photonic Crystal Absorber-Emitter for Efficient Spectral Control in High-Temperature
Solar Thermophotovoltaics},
journal = {Adv. Energy Mater.},
volume = {4},
pages = {1400334},
year = {2014}
}


@article{UGG_OL_2014,
   author       = {Craig Ungaro and Stephen K. Gray and Mool C. Gupta},
   journal      = {Opt. Lett.},
   year         = {2014},
   title        = {Graded-index structures for high-efficiency solar
                   thermophotovoltaic emitting surfaces},
   volume       = {18},
   pages        = {5259-5262},
}

@article{UGG_APL_2013,
   author       = {Craig Ungaro and Stephen K. Gray and Mool C. Gupta},
   title        = {Black tungsten for solar power generation},
   year         = {2013},
   journal      = {Appl. Phys. Lett.},
   volume       = {103},
   pages        = {071105},
}

@article{FHR_SciRep_2015,
   author = {Jonathan J. {Foley IV} and Hayk Harutyunyan and Daniel Rosenmann and Ralu Divan and Gary P. Wiederrecht and Stephen K Gray},
   title = {When are Surface Plasmon Polaritons Excited in the {K}retschmann-{R}aether Configuration?},
   journal = {Sci. Rep.},
   year = {2015}, 
   volume = {5},
   pages = {09929}
}

@book{Yeh,
title = {Optical waves in layered media},
author = {Pochi Yeh},
publisher = {Wiley},
year = {2005}
}

@book{Macleod,
title = {Thin film optical filters},
publisher = {Insitute of Physics},
author = {H. A. Macleod},
year = {2001}
}

### Wendler paper on ATR
@article{WH_PSSb_1987,
title = {An improved virtual mode theory of {ATR} Experiments of Surface Polaritons},
author = {L. Wendler and R. Haupt},
journal = {Phys. Stat. Sol. b},
volume = {143},
pages = {131-147},
year = {1987}
}

### Paper on total absorption via critical coupling in a photonic crystal
@article{PF_ACSPhot_2014,
title = {Total absorption in a graphene monolayer in the optical regime
by critical coupling with a photonic crystal guided resonance},
journal = {ACS Photonics},
author = {J. R. Piper and S. Fan},
volume = {1},
pages = {347-353},
year = {2014}
}

@book{Taflove_FDTD,
author = {Allen Taflove and Susan C. Hagness},
title = {Computational Electrodynamics:  the finite-difference time-domain method},
publisher = {Artech},
year = {2000}
}

@article{DD_APL_2009,
author = {E. F. C. Driessen and M. J. A. de Dood},
journal = {Appl. Phys. Lett.},
title = {The perfect absorber},
volume = {94},
pages = {171109},
year = {2009}
}


### Capasso, zero-reflection
@article{KBG_NatMat_2013,
title = {Nanometer optical coatings based on strong interference
effects in highly absorbing media},
journal = {Nat. Mat.},
volume = {12},
author = {M. A. Kats and R. Blachard and Pl Genevet and F. Capasso},
pages = {20-24},
year = {2013}
}


### More Capasso
@article{KSL_APL_2012,
title = {Ultra-thin perfect absorber employing a tunable
phase change material},
journal = {App. Phys. Lett.},
volume = {101},
pages = {221101},
year = {2012},
author = {M. A. Kats and D. Sharma and J. Lin and P. Genevet and
R. Blanchard and Z. Yang and M. Mumtatz Qazilbash and D. N. Basov and
S. Ramanathan and F. Capasso}
}


### Metamaterial emitters
@article{ALC_NC_2013,
title = {Three-dimensional self-assembled photonic crystals with high temperature stability for 
         thermal emission modification},
author =  {Arpin, Kevin A. and Losego, Mark D. and Cloud, Andrew N. and Ning, Hailong 
          and Mallek, Justin and Sergeant,
          Nicholas P. and Zhu, Linxiao and Yu, Zongfu and Kalanyan, 
          Berç and Parsons, Gregory N. and Girolami, 
          Gregory S. and Abelson, John R. and Fan, Shanhui and Braun, Paul V.},
journal = {Nat. Commun.},
year = {2013},
volume = {4},
pages = {2630}
}

@article{SKY_APL_2003,
title = {High-temperature resistive surface grating for spectral control of thermal radiation},
journal = {Appl. Phys. Lett.},
volume = {82},
pages = {1685},
year = {2003},
author = {Hitoshi Sai and Yoshiaki Kanamori and Hiroo Yugami},
}

@article{LTS_PRL_2011,
title = {Taming the Blackbody with Infrared Metamaterials as Selective Thermal Emitters},
author = {Xianliang Liu and Talmage Tyler and Tatiana Starr and Anthony F. Starr and Nan Marie Jokerst and Willie J. Padilla},
journal = {Phys. Rev. Lett.},
volume = {107},
pages = {045901},
year = {2011}
}


@article{SPA_OptExp_2009,
author = {Nicholas P. Sergeant and Olivier Pincon and Mukul Agrawal and Peter Peumans},
title = {Design of wide-angle solar-selective absorbers using aperiodic metal-dielectric stacks},
journal = {Opt. Express},
year = {2009},
pages = {22800-22812},
volume = {17}
}


@article{WHC_APL_2014,
title = {Heterogeneous metasurface for high temperature selective emission},
author = {D. Woolf and J. Hensley and J. G. Cederberg and D. T. Bethke and 
          A. D. Grine and E. A. Shaner},
journal = {Appl. Phys. Lett.},
volume = {105},
pages = {081110},
year = {2014}
} 

### Perfect metamaterial absorber
@article{LSM_PRL_2008,
title = {Perfect metamaterial absorber},
year = {2008},
author = {N. I. Landy and S. Sajuyigbe and J. J. Mock and D. R. Smith and W. J. Padilla},
journal = {Phys. Rev. Lett.},
volume = {100},
pages = {207402},
numpages = {4}
}

@article{WLP_AM_2012,
title = {Metamaterial Electromagnetic Wave Absorbers},
year = {2012},
journal = {Adv. Mater.},
volume = {24},
pages = {98-120},
author = {C. M. Watts and X. Liu and W. J. Padilla},
}

### Infrared perfect absorber
@article{LML_NL_2010,
author = {N. Liu and M. Mesch and T. Weiss and M. Hentschel and H. Giessen},
year = {2010},
title = {Infrared Perfect Absorber and Its Application As Plasmonic Sensor},
journal = {Nano Lett.},
volume = {10},
pages = {2342-2348}
}

### Thz perfect absorber
@article{TBS_PRB_2008,
author = {H. Tao and C. M. Bingham and A. C. Strikwerda and D. Pilon and D. Shrekenhamer and N. I. Landy and K. Fan and X. Zhang and W. J. Padilla and R. D. Averitt},
journal = {Phys. Rev. B},
title = {Highly flexible wide angle of incidence terahertz metamaterial absorber: Design, fabrication, and characterization},
pages = {241103},
numpages = {4},
volume = {78},
year = {2008}
}

### Fabry-Perot
@ARTICLE{YSC_PTL_1989,
author={Yan, R.-H. and Simes, R.J. and Coldren, L.A.},
journal={Photon. Technol. Lett.},
title={Electroabsorptive Fabry-Perot reflection modulators with asymmetric mirrors},
year={1989},
month={Sept},
volume={1},
number={9},
pages={273-275},
}

### Enhanced absorption
@article{CC_JVSTB_1990,
   author = {Chin, Albert and Chang, T. Y.},
   title = {Multilayer reflectors by molecular-beam
epitaxy for resonance enhanced absorption in thin high-speed detectors},
   journal = {J. Vac. Sci.  Technol. B},
   year = {1990},
   volume = {8},
   number = {2},
   pages = {339-342}
}

@article{TBB_OL_2006,
author = {Jonathan R. Tischler and M. Scott Bradley and Vladimir Bulovi\'{c}},
journal = {Opt. Lett.},
number = {13},
pages = {2045--2047},
title = {Critically coupled resonators in vertical geometry using a planar mirror and a 5 nm thick absorbing film},
volume = {31},
month = {Jul},
year = {2006}
}




### Dielectric data for Au
@article{JC_PRB_1972,
author = {P. B. Johnson and R. W. Christy},
journal = {Phys. Rev. B},
title = {Optical constants of noble metals},
volume = {6},
pages = {4370},
year = {1972}
}

### Dielectric data for Ge
@book{Palik,
author = {E. D. Palik},
title = {Handbook of optical constants of solids},
publisher = {Academic Press},
year = {1998}
}

### Raether book
@book{Raether,
title = {Surface Plasmons  on Smooth and Rough Surfaces and on Gratings},
author = {H. Raether},
publisher = {Springer-Verlag},
year = {1988}
}

### Novotny book
@book{Novotny,
author = {L. Novotny and B. Hecht},
title = {Principles of nano-optics},
publisher = {Cambridge University Press},
edition = {2'nd},
year = {2012}
}


@book{Bohren,
author = {C. F. Bohren and D. R. Huffman},
title = {Absorption and Scattering of Light by Small Particles},
publisher = {John Wiley and Sons},
year = {1998}
}

@article{GGG_NatComm_2012,
author = {J. M. Geffrin and B. Garc\'{i}a-C\'{a}mara and R. G\'{o}omez-Medina and P. Albella and
L. S. Froufe-P\'{e}rez and C. Eyraud and A. Litman and R. Vaillon and F. Gonz\'{a}lez and 
M. Nieto-Vesperinas and J. J. S\'{a}enz and F. Moreno},
title = {Magnetic and electric coherence in forward- and back-scattered electromagnetic waves by a single dielectric subwavelength sphere},
journal = {Nat. Commun.},
volume = {3},
pages = {1171},
year = {2012}
}


### Maier book
@book{Maier,
author = {Stefan M. Maier},
title = {Plasmonics: Fundamentals and applications},
publisher = {Springer},
year = {2007}
}
 
@ARTICLE{low_temp1,
   author       = "A. Lenert and D. M. Bierman and Y. Nam and W. R. Chan and I. 
Celanovic and M. Soljacic and E. N. Wang",
   title        = "A nanophotonic solar thermophotovoltaic device",
   year         = "2014",
   journal      = "Nat. Nanotechnol.",
   volume       = "9",
   pages        = "126-130",
}

@article{ingaassb1,
	title = "{Quaternary InGaAsSb thermophotovoltaic diodes}",
	journal = "IEEE Transactions on Electron Devices",
	volume = "53",
	pages = "2879-2891",
	year = "2006",
	author = "M. W. Dashiell and J. F. Beausang and H. Ehsani and G. J. Nichols and D. M. Depoy and L. R. Danielson and others",
}

@ARTICLE{ingaassb2,
   author       = "C. A. Wang and H. K. Choi and S. L. Ransom and G. W. Charache and L. R. Danielson and D. M. DePoy",
   title        = "{High-quantum-efficiency 0.5 eV GaInAsSb/GaSb thermophotovoltaic devices}",
   year         = "1999",
   journal      = "Appl. Phys. Lett.",
   volume       = "75",
   pages 	= "1305-1307",
}

@ARTICLE{gasb1,
   author       = "L. M. Fraas and J. E. Avery and H. X. Huang",
   title        = "{Thermophotovoltaic furnace-generator for the home using low bandgap GaSb cells}",
   year         = "2003",
   journal      = "Semicond. Sci. Technol.",
   volume       = "18",
   pages 		= "S247",
}

@article{gasb2,
	title = "{High-efficiency GaSb photocells}",
	journal = "Physics of Semiconductor Devices",
	volume = "47",
	pages = "307-313",
	year = "2013",
	author = "V. P. Khvostikov and S. V. Sorokina and O. A. Khvostikova and N. Kh. Timoshina and N. S. Potapovich and B. Ya. Ber and D. Yu. Kazantsev and V. M. Andreev",
}

@ARTICLE{gasb3,
   author       = "W. Chan and R. Huang and C. Wang and J. Kassakian and J. Joannopoulos and I. Celanovic",
   title        = "Modeling low-bandgap thermophotovoltaic diodes for high-efficiency portable power generators",
   year         = "2010",
   journal      = "Sol. Energy Mat. Sol. Cells",
   volume       = "94",
   pages        = "509-514",
}

@article{stpv_overview,
	title = "{Photovoltaics: An alternative 'sun' for solar cells}",
	journal = "Nat. Nanotechnol.",
	pages = "92-93",
	year = "2014",
	volume = "9",
	author ="S. Fan",
}

@ARTICLE{paper2_ref2,
   author       = "P. A. Davies and A. Luque",
   title        = "Solar thermophotovoltaics: brief review and a new look",
   year         = "1994",
   journal      = "Sol. Energy Mat. Sol. Cells",
   volume       = "33",
   pages        = "11-22",
}

@ARTICLE{paper1_ref3,
   author       = " P. Bermel and M. Ghebrebrhan and W. Chan and Y. X. Yeng and M. Araghchini and R. Hamam and C. H. Marton and K. F. Jensen and M. Soljacic and J. D. Joannopoulos and S. G. Johnson and I. Celanovic",
   title        = "Design and global optimization of high-efficiency thermophotovoltaic systems",
   year         = "2010",
   journal      = "Opt. Express",
   volume       = "18",
   pages        = "A314-A334",
}

@ARTICLE{g1,
   author       = "M. Thirugnanasambandam and S. Iniyan and R. Goic",
   title        = "A review of solar thermal technologies",
   year         = "2010",
   journal      = "Renewable and Sustainable Energy Reviews",
   volume       = "14",
   pages        = "312-322",
}

@ARTICLE{g2,
   author       = "Y. Tian and C. Y. Zhao",
   title        = "A review of solar collectors and thermal energy storage in solar 
   thermal applications",
   year         = "2013",
   journal      = "Applied Energy",
   volume       = "104",
   pages        = "538-553",
}

@BOOK{g3,
   author       = "T. Bauer",
   title        = "Thermophotovoltaics: basic principles and critical aspects of system design",
   year         = "2011",
   publisher      = "Springer",
}

@ARTICLE{g4,
   author       = "P. Bermel and M. Ghebrebrhan and W. Chan and Y. X. Yeng and M. Araghchini and R. Hamam and C. H. Marton and 
   K. F. Jensen and M. Soljacic and J. D. Joannopoulos and S. G. Johnson and I. Celanovic",
   title        = "Design and global optimization of high-efficiency thermophotovoltaic systems",
   year         = "2010",
   journal      = "Opt. Express",
   volume       = "18",
   pages        = "A314-334",
}

@ARTICLE{g5,
   author       = "N. Harder and P. Wurfel",
   title        = "Theoretical limits of thermophotovoltaic solar energy conversion",
   year         = "2003",
   journal      = "Semiconductor  Science and Technology",
   volume       = "18",
   pages        = "S151",
}

@ARTICLE{g6,
   author       = "C. Ferrari and F. Melino and M. Pinelli and P. R. Spina and M. Venturini",
   title        = "Overview and status of thermophotovoltaic systems",
   year         = "2014",
   journal      = "Energy Procedia",
   volume       = "45",
   pages        = "1160-1169",
}

@inbook{g7,
author = {P. Bermel and J. Lee and J. D. Joannopoulos and I. Celanovic and M. Soljacie}, 
title = {Selective solar absorbers}, 
chapter = {7},
series = {Annual Review of Heat Transfer},
year = {2012},
publisher = {Begell House Inc.}
}

@ARTICLE{g8,
   author       = "T. Inoue and M.  Zoysa and T. Asano and S. Noda ",
   title        = "Realization of narrowband thermal emission with optical nanostructures",
   year         = "2015",
   journal      = "Optica",
   volume       = "2",
   pages        = "27",
}

@ARTICLE{g9,
   author       = "A. Lenert and D. M. Bierman and Y. Nam and W. R. Chan and I. Celanovic and M. Soljacic and E. N. Wang",
   title        = "A nanophotonic solar thermophotovoltaic device",
   year         = "2014",
   journal      = "Nat. Nanotechnol.",
   volume       = "9",
   pages        = "126-130",
}


@ARTICLE{g11,
   author       = "V. Rinnerbauer and A. Lenert and D. M. Bierman and Y. X. Yeng and W. R. Chan and R. D. Geil and J. J. 
    Senkevich\ and J. D. Joannopoulos and E. N. Wang and M. Soljacic and I. Cleanovic",
   title        = "{Metallic photonic crystal absorber-emitter for efficient spectral control in high-temperature solar thermophotovoltaics}",
   year         = "2014",
   journal      = "Advanced Energy Materials",
   volume       = "4",
   pages        = "1400334",
}


@ARTICLE{g13,
   author       = "V. Stelmakh and V. Rinnerbauer and W. R. Chan and J. J. Senkevich and J. D. Joannopoulos and M. Soljacic and I. Celanovic",
   title        = "Tantalum-tungsten alloy photonic crystals for high-temperature energy conversion systems",
   year         = "2014",
   journal      = "Proceedings of the SPIE - The International Society for Optical Engineering",
   volume       = "9127",
   pages        = "91270Q",
}

@ARTICLE{g14,
   author       = "I. Celanovic and N. Jovanovic and J. Kassakian",
   title        = "Two-dimensional tungsten photonic crystals as selective thermal emitters",
   year         = "2008",
   journal      = "Appl. Phys. Lett.",
   volume       = "92",
   pages        = "193101 ",
}

@ARTICLE{g15,
   author       = "H. Wang and V. Prasad Sivan and A. Mitchell and G. Rosengarten and P. Phelan and L. Wan",
   title        = "Highly efficient selective metamaterial absorber for high-temperature solar thermal energy harvesting",
   year         = "2015",
   journal      = "Sol. Energy Mat. Sol. Cells",
   volume       = "137",
   pages        = "235-242",
}

@ARTICLE{g16,
   author       = "X. Liu and T. Tyler and T. Starr and A.F. Starr and N.M. Jokerst and W.J. Padilla",
   title        = "Taming the blackbody with infrared metamaterials as selective thermal emitters",
   year         = "2011",
   journal      = "Phys. Rev. Lett.",
   volume       = "107",
   pages        = "045901",
}

@ARTICLE{g17,
   author       = "I. Khodasevvch and L. Wang and A> Mitchell and G. Rosengarten",
   title        = "Micro and nanostructured surfaces for selective solar absorption",
   year         = "2015",
   journal      = "Adv. Opt. Mater.",
   volume       = "107",
   pages        = "045901",
   note 		= "{doi: 10.1002/adom.201500063}",
}

@ARTICLE{g18,
   author       = "Y. Son and J. Yeo and C. Woo and H. Sukjoon and H. Seung and H. Ko and D. Yang",
   title        = "Fabrication of submicron-sized metal patterns on a flexible polymer substrate by femtosecond laser sintering of metal nanoparticles",
   year         = "2013",
   journal      = "International Journal of Nanomanufacturing",
   volume       = "9",
   pages        = "468-476",
}

@ARTICLE{g19,
   author       = "E. Pedone Bandarra Filho and O. S. Hernandez Mendoza and C. Lau Lins Beicker and A. Menezes and D. Wen",
   title        = "Experimental investigation of a silver nanoparticle-based direct absorption solar thermal system",
   year         = "2014",
   journal      = "Energy Conversion and Management",
   volume       = "84",
   pages        = "261-267",
}

@ARTICLE{g20,
   author       = "G. Katumba and L. Olumekor and  A. Forbes and  G. Makiwa and B. Mwakikunga and J. Lu and E. Wackelgard",
   title        = "Optical, thermal and structural characteristics of carbon nanoparticles embedded in {Z}n{O} and {N}i{O} as selective solar absorbers",
   year         = "2008",
   journal      = "Sol. Energy Mater. and Solar Cells",
   volume       = "92",
   pages        = "1285-1292",
}

@ARTICLE{g21,
   author       = "A. A. Shah and M. C. Gupta",
   title        = "Spectral selective surfaces for concentrated solar power receivers by laser sintering of tungsten micro and nano particles",
   year         = "2013",
   journal      = "Sol. Energy Mat. Sol. Cells",
   volume       = "117",
   pages        = "489-493",
}

@ARTICLE{g22,
   author       = "J. H. Schon and G. Binder and E. Bucher",
   title        = "Performance and stability of some new high-temperature selective absorber systems based on metal/dielectric multilayers",
   year         = "1994",
   journal      = "Sol. Energy Mat. Sol. Cells",
   volume       = "33",
   pages        = "403-416",
}

@ARTICLE{g25,
   author       = "V. K. Narasimhan and Y. Cui",
   title        = "Nanostructures for photon management in solar cells",
   year         = "2013",
   journal      = "Nanophotonics",
   volume       = "2",
   pages        = "187–210",
}

@ARTICLE{g26,
   author       = "M. C. Gupta and B. K. Nayak and V. Iyengar and L.Wang",
   title        = "Efficient light trapping by laser microtexturing of surfaces for photovoltaics",
   year         = "2012",
   journal      = "SPIE Newsroom",
   note			= "DOI: 10.1117/2.1201208.004361",
}

@ARTICLE{g27,
   author       = "M. C. Gupta and D. E. Carlson",
   title        = "Laser processing for renewable energy materials",
   year         = "2015",
   journal      = "MRS Energy and Sustainability: A Review Journal",
   note			= "DOI:10.1557/mre.2015.3",
}

@ARTICLE{g28,
   author       = "V. V. Iyengar and B. K. Nayak and M. C. Gupta",
   title        = "Ultralow reflectance metal surfaces by ultrafast laser texturing",
   year         = "2010",
   journal      = "Appl. Opt.",
   volume       = "49",
   pages        = "5983-5988 ",
}

@ARTICLE{g29,
   author       = "V. V. Iyengar and B. K. Nayak and M. C. Gupta",
   title        = "Optical characteristics of femtosecond laser micromachined periodic structures in {S}i 100",
   year         = "2006",
   journal      = "Appl. Opt.",
   volume       = "45",
   pages        = "7137-7143",
}

@ARTICLE{g30,
   author       = "M.  C. Gupta and S. T. Peng",
   title        = "Diffraction characteristics of surface-relief gratings",
   year         = "1993",
   journal      = "Appl. Opt.",
   volume       = "32",
   pages        = "2911-2917",
}

@ARTICLE{gfig4ref,
	author       = "C. Ungaro and A. Shah and I. Kravchenko and D. K. Hensley and S. K. Gray and M. C. Gupta",
	title        = "Optical and infrared properties of glancing angle deposited nanostructured tungsten films",
	year         = "2015",
	journal      = "Opt. Lett. ",
	volume		 = "40",
	issue 		 = "4",
	pages		 = "506-509",
}

@ARTICLE{paper1_ref7,
   author       = "N. P. Sergeant and O. Pincon and M. Agrawal and P. Peumans",
   title        = "Design of wide-angle solar-selective absorbers using aperiodic metal-dielectric stacks",
   year         = "2009",
   journal      = "Opt. Express",
   volume       = "17",
   pages        = "22800-22812",
}

@ARTICLE{stacks2,
   author       = "N. P. Sergeant and M. Agrawal and P. Peumans",
   title        = "High performance solar-selective absorbers using coated sub-wavelength gratings",
   year         = "2010",
   journal      = "Opt. Express",
   volume       = "18",
   pages        = "5525-5540",
}

@ARTICLE{paper1_ref5,
   author       = "K. A. Arpin and M. D. Losego and P. V. Braun",
   title        = "{Electrodeposited 3D tungsten photonic crystals with enhanced thermal stability}",
   year         = "2011",
   journal      = "Chemistry of Materials",
   volume       = "23",
   pages        = "4783-4788",
}

@ARTICLE{Therm_stabil_W_microstructures,
   author       = "C. Schlemmer and J. Aschaber and V. Boerner and J. Luther",
   title        = "Thermal stability of micro-structured selective tungsten emitters",
   year         = "2003",
   journal      = "Thermophotovoltaic Generation of Electricity: 5th Conference, CP653 - American Institute of Physics",
}

@ARTICLE{photonic_crystal_rev,
   author       = "V. Rinnerbauer and S. Ndao and Y. X. Yeng and W. R. Chan and J. J. Senkevich and J. D. Joannopoulos and M. Soljacic and I. Celanovic",
   title        = "Recent developments in high-temperature photonic crystals for energy conversion",
   year         = "2012",
   journal      = "Energy and Environmental Science",
}

@ARTICLE{me1,
   author = "C. Ungaro and S. K. Gray and  M. C. Gupta",
   title = "Black tungsten for solar power generation",
   journal = "Appl. Phys. Lett.",
   year = "2013",
   volume = "103",
   number = "7", 
   pages = "071105-071105-3"
}


@ARTICLE{MIT_paper,
   author       = "A. Lenert and D. M. Bierman and Y. Nam and W. R. Chan and I. Celanovic and M. Soljacic and E. N. Wang",
   title        = "A nanophotonic solar thermophotovoltaic device",
   year         = "2014",
   journal      = "Nat. Nanotechnol.",
   volume       = "9",
   pages        = "126-130",
}

@ARTICLE{A1,
   author       = "N. Selvakumar and H. Barshilia",
   title        = "Review of physical vapor deposited (PVD) spectrally selective coatings for mid- and high-temperature solar thermal applications",
   year         = "2012",
   journal      = "Sol. Energy Mat. Sol. Cells",
   volume       = "98",
   pages        = "1-23",
}

@techreport{A2,
   author       = {C. E. Kennedy},
   title	= {Review of mid-to-high temperature solar selective absorber materials. Technical report NREL/TP-520-31267},
   year         = {2002},
   pages	= {58},
   institution  = {National Renew. Energ. Laboratory}

}

@ARTICLE{A3,
   author       = "X. Li and Y. Chen and J. Miao and P. Zhou and Y. Zheng and L. Chen",
   title        = "High solar absorption of a multilayered thin film structure",
   year         = "2007",
   journal      = "Opt. Express",
   volume       = "15",
   pages        = "1907-1912",
}

@ARTICLE{A4,
   author       = "S. Esposito and A. Antonaia and M.L. Addonizio and S. Aprea",
   title        = "Fabrication and optimization of highly efficient cermet-based spectrally selective coatings for high operating temperature",
   year         = "2009",
   journal      = "Thin Solid Films",
   volume       = "517",
   pages        = "6000-6006",
}

@ARTICLE{A5,
   author       = "A. Berghaus, A. Djahanbakhsh, L.K. Thomas",
   title        = "Characterisation of CVD - tungsten – alumina cermets for high-temperature selective absorbers",
   year         = "1998",
   journal      = "Sol. Energy Mat. Sol. Cells",
   volume       = "54",
   pages        = "19-26",
}

@ARTICLE{global_opt,
   author       = "A. Datas and C. Algora",
   title        = "Global optimization of solar thermophotovoltaic systems",
   year         = "2013",
   journal      = "Progress in Photovoltaics: Research and Applications",
   volume       = "21",
   pages        = "1040-1055",
}

@ARTICLE{convection,
	author       = "M. Saidi and R. H. Abardeh",
	title        = "Air pressure dependence of natural-convection heat transfer",
	year         = "2010",
	journal      = "Proceedings of the World Congress on Engineering 2010",
	volume       = "II",
}

@ARTICLE{SQ,
   author       = "W. Shockley and H. J. Queisser",
   title        = "Detailed Balance Limit of Efficiency of p-n Junction Solar Cells",
   year         = "1961",
   journal      = "J. Appl. Phys",
   volume       = "32",
   pages        = "510-519",
}

@ARTICLE{exp_tokyo,
   author       = "H. Yugami and H. Sai and K. Nakamura and H. Nakagawa and H. Ohtsubo",
   title        = "Solar thermophotovoltaic using {A}l$_2${O}$_3$/{E}r$_3${A}l$_5${O}$_{12}$ eutectic composite selective emitter",
   year         = "2000",
   journal      = "IEEE Photovoltaic Specialists Conference",
   volume       = "28",
   pages 	= "1214-1217",
}

@ARTICLE{exp_russia,
   author       = "A. S. Vlasov and V. P. Khvostikov and O. A. Khvostikova and P. Y. Gazaryan and S. V. Sorokina and V. M. Andreev",
   title        = "{TPV systems with solar powered tungsten emitters}",
   year         = "2007",
   journal      = "AIP Conference Proceedings",
   volume       = "890",
   pages 	= "327-334",
}

@ARTICLE{exp_madrid,
   author       = "A. Datas and C. Algora",
   title        = "Development and experimental evaluation of a complete solar thermophotovoltaic system",
   year         = "2012",
   journal      = "Progress in Photovoltaics: Research and Applications",
   volume       = "890",
   pages 	= "327-334",
}

@ARTICLE{me2, 
author = {C. Ungaro and S. K. Gray and M. C. Gupta}, 
journal = {Opt. Lett.}, 
number = {18}, 
pages = {5259-5262}, 
title = {Graded-index structures for high-efficiency solar thermophotovoltaic emitting surfaces}, 
volume = {39}, 
year = {2014},
}

@ARTICLE{paper1_ref6,
   author       = "H. Sai and H. Yugami",
   title        = "Thermophotovoltaic generation with selective radiators based on tungsten surface gratings",
   year         = "2004",
   journal      = "Appl. Phys. Lett.",
   volume       = "85",
   pages        = "3399-3401",
}

@ARTICLE{paper2_ref13,
   author       = "H. Sai and Y. Kanamori and K. Hane and H. Yugami and M. Yamaguchi",
   title        = "Numerical study on tungsten selective radiators with various micro/nano structures",
   year         = "2005",
   journal      = "Photovoltaic Specialists Conference",
   pages 	= "762-765",
}

@ARTICLE{paper2_ref14,
	author = "Y. B. Chen and Z. M. Zhang",
	title = "Design of tungsten complex gratings for thermophotovoltaic radiators",
	year = "2007",
	journal = "Opt. Comm.",
	volume = "269",
	pages = "411-417",
}

@ARTICLE{paper2_ref10,
   author       = "S. Lin and J. Moreno and J. G. Fleming",
   title        = "{Three-dimensional photonic-crystal emitter for thermal photovoltaic power generation}",
   year         = "2003",
   journal      = "Appl. Phys. Lett.",
   volume       = "83",
   pages 	= "380-382",
}

@ARTICLE{meta,
   author       = "C. Wu and B. Neuner III and J. John and A. Milder and B. Zollars and S. Savoy and G. Shvets",
   title        = "Metamaterial-based integrated plasmonic absorber/emitter for solar thermo-photovoltaic systems",
   year         = "2012",
   journal      = "J. Optics",
   volume       = "14",
   pages	= "24005-24008"
}

@ARTICLE{paper1_ref4,
   author       = "E. Rephaeli and S. Fan",
   title        = "Tungsten black absorber for solar light with wide angular operation range",
   year         = "2008",
   journal      = "Appl. Phys. Lett.",
   volume       = "92",
   pages        = "211107",
}

@article{real_efficient,
	title = "{High-efficiency solar thermophotovoltaic system equipped with a monolithic planar selective absorber/emitter}",
	journal = "J. Photon. Energy",
	pages = "053099",
	year = "2015",
	volume = "5",
	author = "M. Shimizu and A. Kohiyama and H. Yugami",
}

@ARTICLE{paper2_ref6,
   author       = "Y. Xuan and X. Chen and Y. Han",
   title        = "Design and analysis of thermophotovoltaic systems",
   year         = "2011",
   journal      = "Renew. Energ.",
   volume       = "36",
   pages        = "374-387",
}

@ARTICLE{A6,
   author       = "M. Farooq and M.G. Hutchins",
   title        = "Optical properties of higher and lower refractive index composites in solar selective coatings",
   year         = "2002",
   journal      = "Sol. Energy Mat. Sol. Cells",
   volume       = "71",
   pages        = "73-83",
}

@ARTICLE{A7,
   author       = "D. Xinkang and W. Cong and W. Tianmin and Z. Long and C. Buliang and R. Ning",
   title        = "Microstructure and spectral selectivity of {M}o-{A}l$_2${O}$_3$ solar selective absorbing coatings after annealing",
   year         = "2008",
   journal      = "Thin Solid Films",
   volume       = "516",
   pages        = "3971-3977",
}

@ARTICLE{A8,
   author       = "Q. Zhang and Y. Yin and D.R. Mills",
   title        = "High efficiency {M}o-{A}l$_2${O}$_3$ cermet selective surfaces for high-temperature applications",
   year         = "1996",
   journal      = "Sol. Energy Mat. Sol. Cells",
   volume       = "40",
   pages        = "43-53",
}

@ARTICLE{A9,
   author       = "Q. Zhang",
   title        = "Recent progress in high-temperature solar selective coatings",
   year         = "2000",
   journal      = "Sol. Energy Mat. Sol. Cells",
   volume       = "62",
   pages        = "63-74",
}

@ARTICLE{A10,
   author       = "R.N. Schmidt and K.C. Park",
   title        = "High-temperature space-stable selective solar absorber coatings",
   year         = "1965",
   journal      = "Appl. Opt.",
   volume       = "4",
   pages        = "917-925",
}

@ARTICLE{A14,
   author       = "A. Lasagni and M. Nejati and R. Clasen and F. Mucklich",
   title        = "Periodical surface structuring of metals by laser interference metallurgy as a new fabrication method of textured solar selective absorbers",
   year         = "2006",
   journal      = "Adv. Eng. Mater.",
   volume       = "8",
   pages        = "580-584",
}

@ARTICLE{A13,
   author       = "H. Saia and H. Yugamia and Y. Kanamorib and K. Hane",
   title        = "Solar selective absorbers based on two-dimensional {W} surface gratings with submicron periods for high-temperature photothermal conversion",
   year         = "2003",
   journal      = "Sol. Energy Mat. Sol. Cells",
   volume       = "79",
   pages        = "35-49",
}

@ARTICLE{A19,
   author       = "F. Ghmari and T. Ghbara and M. Laroche and R. Carminati and J.-J. Greffet",
   title        = "Influence of microroughness on emissivity",
   year         = "2004",
   journal      = "Journal of Applied Physics",
   volume       = "96",
   pages        = "2656-2664",
}

@article{me3,
author = {C. Ungaro and S. K. Gray and M. C. Gupta},
title = {A solar thermophotovoltaic system using nanostructures},
volume = {23},
pages = {A111-A1119},
journal = {Opt. Express},
year = {2015}
}

@ARTICLE{ST_overview,
   author       = "Y. Tian and C. Y. Zhao",
   title        = "A review of solar collectors and thermal energy storage in solar thermal applications",
   year         = "2013",
   journal      = "Applied Energy",
   volume       = "104",
   pages        = "538-553",
}


@phdthesis{me_thesis,
	title = "{Control of optical properties of surfaces for improved solar thermophotovoltaic systems}",
	school = "University of Virginia",
	type = "PhD thesis",
	year = "2015",
	author = "C. Ungaro",
}


@article{cermet6,
	title = "{Optical property and thermal stability of {M}o/{M}o-{S}i{O}$_2$/{S}i{O}$_2$ solar-selective coating prepared by magnetron sputtering}",
	journal = "Physica Status Solidi A",
	pages = "664-667",
	year = "2011",
	volume = "208",
	issue = "3",
	author ="J. Wang and B. Wei and Q. Wei and D. Li",
}



@article{ga,
author = "A. Lin and J. Phillips", 
title={Optimization of random diffraction gratings in thin-film solar cells
  using genetic algorithms},
journal= {Sol. Energy Mat. Sol. Cells}, 
volume = {92}, 
pages = {1689--1696},
year = {2008},
                }

@article{miller1,
author={R. L. Miller and Z. Xie and S. Leyffer and M. J. Davis and S. K. Gray}, 
title={Surrogate-based modeling of the optical response of metallic
  nanostructures},
journal={J. Phys. Chem. C}, 
volume={114},
pages={20741--20748},
year={2010},
                }

@article{rodriguez2011,
author={
A. W. Rodriguez and O. Ilic and P. Bermel and I. Celanovic and J. D. Joannopoulos
and M. Soljacic and S. G. Johnson
}, 
title={
Frequency-selective near-field radiative heat transfer between photonic crystal slabs:
A computational approach for arbitrary geometries and materials
},
journal= {
Phys. Rev. Lett.
},
volume={
107
},
pages={
114302
},
year={
2011
},
                }


### SPhP

@article{SPhP, 
title = {Low-loss, infrared and terahertz nanophotonics using surface phonon polaritons},
journal = {Nanophotonics},
author = {J. D. Caldwell and L. Lindsay and V. Giannini and I. Vurgaftman and T. L. Reinecke and S. A.
Maier and O. J. Glembocki},
volume = {4},
pages = {2192},
year = {2014}
}

@article{datas2013,
author={
A. Datas and D. Hirashima and K. Hanamura
},
title={
{FDTD} simulation of near-field radiative heat tansfer between thin films supporting
surface phonon polaritons:  Lessons learned
},
journal= {
J. Therm. Sci. Tech.
},
volume={
8
},
pages={
91--105
},
year={
2013
},
                }

@article{didari2014,
author={
A. Didari and M. P. Menguc
}, 
title={
Analysis of near-field radiation transfer within nano-gaps using {FDTD} method
},
journal= {
J. Quant. Spect. Radiat. Transf.
},
volume={
146
},
pages={
214-226
},
year={
2014
},
                   }

@article{didari2015,
author={
A. Didari and M. P. Menguc
}, 
title={
Near-field thermal emission between corrugated surfaces separated by nano-gaps
},
journal= {
J. Quant. Spect. Radiat. Transf.
},
volume={
158
},
pages={
43--51
},
year={
2015
},
                }

@article{loke2010,
author={
V. L. Y. Loke and M. P. Menguc
}, 
title={
Surface waves and atomic force microscope probe-particle near-field coupling:
discrete dipole approximation with surface interaction
},
journal= {
J. Opt. Soc. Am. A
},
volume={
27
},
pages={
2293--2303
},
year={
2010
},
                }

@article{edalatpour2014,
author={
S. Edalatpour and M. Francoeur
}, 
title={
The thermal discrete dipole approximation (T-DDA) for near-field radiative heat 
transfer simulations in three-dimensional arbitrary geometries
},
journal= {
J. Quant. Spect. Radiat. Transf.
},
volume={
133
},
pages={
364-373
},
year={
2015
},
                }
@misc{lumerical,
  author       = { {Lumerical Solutions, Inc.} },
  howpublished = "\url{http://www.lumerical.com/tcad-products/mode/}",

                }

%% TDCIS
@article{KKS_JCP_2005,
author = {P. Krause and T. Klamroth and P. Saalfrank},
journal = {J. Chem. Phys.},
title = {Time-dependent configuration-interaction calculations of laser-pulse-driven many-electron dynamics: Controlled
dipole switching in lithium cyanide},
volume = {123},
pages = {074105},
year = {2005}
}

@article{GHP_PRA_2010,
author = {L. Greenman and P. J. Ho and E. Kamarchik and D. A. Mazziotti and R. Santra},
journal = {Phys. Rev. A},
title = {Implementation of the time-dependent configuration-interaction singles method for atomic strong-field processes},
volume = {82},
pages = {023406},
year = {2010}
}

@article{DPG_PRL_2011,
author = {{DePrince III}, A. E. and Pelton, M. and Guest, J. R. and Gray, S. K.},
journal = {Phys. Rev. Lett.},
volume = {107},
pages = {196806},
year = {2011}
}

@article{FM_JCP_2004,
author = {J. D. Farnum and D. A. Mazziotti},
title = {Spectral difference Lanczos method for efficient time propagation in quantum control theory},
journal = {J. Chem. Phys.},
volume = {120},
pages = {5962},
year = {2004}
}
